@Book{odersky+,
  author =	 {Martin Odersky and Lex Spoon and Bill Venners and Frank
                  Sommers},
  title =	 {Programming in Scala},
  publisher =	 {Artima Inc},
  year =	 2021,
  edition =	 {Fifth edition}
}

 @Article{ford-fulkerson,
  author = 	 {Ford, Jr., Lestor R. and D. R. Fulkerson},
  title = 	 {Maximal flow through a network},
  journal = 	 {Canadian Journal of Mathematics},
  year = 	 1956,
  volume = 	 8,
  pages = 	 {399-404}}

@Book{CLRS,
  author =	 {Thomas H. Cormen and Charles E. Leiserson and Ronald
                  L. Rivest and Clifford Stein},
  title =	 {Introduction to Algorithms},
  publisher =	 {MIT Press},
  year =	 2009
}

@Article{Hoare78,
  author = 	 {C. A. R. Hoare},
  title = 	 {Communicating Sequential Processes},
  journal = 	 {Communications of the ACM},
  year = 	 1978,
  volume = 	 21,
  number = 	 8,
  pages = 	 {666-677}}

@Manual{occam,
  title =	 {occam 3 Reference Manual},
  author =	 {Barrett, Geoff and Ericsson-Zenith, Steven},
  organization ={Inmos},
  year =	 1992}

@InProceedings{CSO,
  author =	 {Bernard Sufrin},
  title =	 {{Communicating Scala Objects}},
  booktitle =	 {Proceedings of Communicating Process Architectures},
  year =	 2008,
  pages =	 {35--54}
}

@Book{go,
  author = 	 {Alan A. A. Donovan and Brian W. Kernighan},
  title = 	 {The Go Programming Language},
  publisher = 	 {Addison Wesley},
  year = 	 2015}

@Book{rust,
  author =	 {Steve Klabnik and Carol Nichols and Chris Krycho},
  title =	 {The Rust Programming Language},
  publisher =	 {No Starch Press},
  year =	 2026,
  note =	 {\url{https://doc.rust-lang.org/book/}}
}

@Book{erlang,
  author = 	 {Joe Armstrong},
  title = 	 {Programming Erlang: Software for a Concurrent World},
  publisher = 	 {O'Reilly},
  year = 	 2013}


@Book{minix,
  author =	 {Andrew Tanenbaum and Herbert Bos},
  title =	 {Modern Operating Systems},
  publisher =	 {Pearson},
  year =	 2023
}

@InProceedings{Georges+,
  author =	 {Andy Georges and Dries Buytaert and Lieven Eeckhout},
  title =	 {Statistically Rigorous Java Performance Evaluation},
  booktitle =	 {Proceedings of the 22nd Annual ACM SIGPLAN conference on
                  Object-Oriented Programming Systems, Languages and
                  Applications (OOPSLA~'07)] },
  year =	 2007,
  pages =	 {57--76}
}


@Article{dining-phils,
  author = 	 {E. W. Dijkstra},
  title = 	 {Hierarchical ordering of sequential processes},
  journal = 	 {Acta Informatica},
  year = 	 1971,
  volume = 	 1,
  pages = 	 {115-138}}

@Article{peterson-election,
  author =	 {Gary L. Peterson},
  title =	 {AN $O(n \log n)$ unidirectional distributed algorithm for
                  the circular extrema problem},
  journal =	 {ACM Transactions on Programming Languages and Systems},
  year =	 1982,
  volume =	 4,
  number =	 4,
  pages =	 {758--762}
}

